<record><leader>00000cas a2200000 i 4500</leader><controlfield tag="001">944050089</controlfield><controlfield tag="008">160307d186u18uuorudr ne      0    0eng c</controlfield><datafield ind1=" " ind2=" " tag="010"><subfield code="a">  2016260078</subfield></datafield><datafield ind1=" " ind2=" " tag="040"><subfield code="a">ORU</subfield><subfield code="b">eng</subfield><subfield code="e">rda</subfield><subfield code="c">ORU</subfield><subfield code="d">ORU</subfield><subfield code="d">OCLCF</subfield></datafield><datafield ind1=" " ind2=" " tag="042"><subfield code="a">pcc</subfield></datafield><datafield ind1=" " ind2=" " tag="043"><subfield code="a">n-us-or</subfield></datafield><datafield ind1="0" ind2=" " tag="130"><subfield code="a">Evening commercial (Portland, Or.)</subfield></datafield><datafield ind1="1" ind2="4" tag="245"><subfield code="a">The evening commercial.</subfield></datafield><datafield ind1="1" ind2=" " tag="246"><subfield code="i">Publisher's block has title:</subfield><subfield code="a">Portland evening commercial</subfield></datafield><datafield ind1=" " ind2="1" tag="264"><subfield code="3">&lt;-July 2, 1869&gt;:</subfield><subfield code="a">Portland, Oregon :</subfield><subfield code="b">M. P. Bull, Proprietor</subfield></datafield><datafield ind1="2" ind2="1" tag="264"><subfield code="3">&lt;May 13, 1870-&gt;:</subfield><subfield code="a">Portland, Oregon :</subfield><subfield code="b">James O'Meara, Editor</subfield></datafield><datafield ind1="3" ind2="1" tag="264"><subfield code="3">&lt;Aug. 3, 1870-&gt;</subfield><subfield code="a">Portland, Oregon :</subfield><subfield code="b">Charels Dolson, Proprietor</subfield></datafield><datafield ind1=" " ind2=" " tag="300"><subfield code="a">volumes</subfield></datafield><datafield ind1=" " ind2=" " tag="310"><subfield code="a">Daily except Sunday</subfield></datafield><datafield ind1=" " ind2=" " tag="336"><subfield code="a">text</subfield><subfield code="b">txt</subfield><subfield code="2">rdacontent</subfield></datafield><datafield ind1=" " ind2=" " tag="337"><subfield code="a">unmediated</subfield><subfield code="b">n</subfield><subfield code="2">rdamedia</subfield></datafield><datafield ind1=" " ind2=" " tag="338"><subfield code="a">volume</subfield><subfield code="b">nc</subfield><subfield code="2">rdacarrier</subfield></datafield><datafield ind1=" " ind2=" " tag="530"><subfield code="a">Also available on microfilm from University of Oregon.</subfield></datafield><datafield ind1=" " ind2=" " tag="588"><subfield code="a">Description based on: Vol. 2, No. 139 (July 2, 1869); title from masthead.</subfield></datafield><datafield ind1=" " ind2=" " tag="588"><subfield code="a">Latest issue consulted: Vol. 5, No. 21 (August 3, 1870).</subfield></datafield><datafield ind1=" " ind2="0" tag="651"><subfield code="a">Portland (Or.)</subfield><subfield code="v">Newspapers.</subfield></datafield><datafield ind1=" " ind2="7" tag="655"><subfield code="a">Newspapers.</subfield><subfield code="2">lcgft</subfield></datafield><datafield ind1=" " ind2="7" tag="655"><subfield code="a">Newspapers.</subfield><subfield code="2">fast</subfield><subfield code="0">(OCoLC)fst01423814</subfield></datafield><datafield ind1=" " ind2="7" tag="651"><subfield code="a">Oregon</subfield><subfield code="z">Portland.</subfield><subfield code="2">fast</subfield><subfield code="0">(OCoLC)fst01204325</subfield></datafield><datafield ind1=" " ind2=" " tag="752"><subfield code="a">United States</subfield><subfield code="b">Oregon</subfield><subfield code="c">Multnomah</subfield><subfield code="d">Portland.</subfield></datafield></record>